@incollection{allan2002introduction,
  title={Introduction to topic detection and tracking},
  author={Allan, James},
  booktitle={Topic detection and tracking},
  pages={1--16},
  year={2002},
  publisher={Springer}
}

@article{sebastiani2002machine,
  title={Machine learning in automated text categorization},
  author={Sebastiani, Fabrizio},
  journal={ACM computing surveys (CSUR)},
  volume={34},
  number={1},
  pages={1--47},
  year={2002},
  publisher={ACM}
}

@article{isa2008text,
  title={{Text document preprocessing with the Bayes formula for classification using the support vector machine}},
  author={Isa, Dino and Lee, Lam Hong and Kallimani, V and Rajkumar, Rajprasad},
  journal={Knowledge and Data Engineering, IEEE Transactions on},
  volume={20},
  number={9},
  pages={1264--1272},
  year={2008},
  publisher={IEEE}
}

@mastersthesis{derczynski2006machine,
  title={Machine learning techniques for document selection},
  author={Derczynski, Leon},
  year={2006},
  school={University of Sheffield}
}

@book{sswamp,
  title={Scorpion Swamp},
  author={Jackson, Steve},
  year={1984},
  publisher={Puffin}
}

@book{poe,
  title={Portal of Evil},
  author={Darvill-Evans, Peter and Jackson, Steve and Livingstone, Ian},
  year={1989},
  publisher={Puffin}
}

@book{crypt,
  title={Crypt of the Sorcerer},
  author={Livingstone, Ian},
  year={1987},
  publisher={Puffin}
}

@book{fangs,
  title={Fangs of Fury},
  author={Sharp, Luke and Livingstone, Ian and Jackson, Steve},
  year={1989},
  publisher={Puffin}
}

@phdthesis{huiberts2010captivating,
  title={Captivating sound the role of audio for immersion in computer games},
  author={Huiberts, Sander},
  year={2010},
  school={University of Portsmouth}
}

@inproceedings{madden2009collaborative,
  title={Collaborative narrative generation in persistent virtual environments},
  author={Madden, Neil and Logan, Brian},
  year={2009},
  booktitle={Proc. AAAI}
}

@article{bobick1999kidsroom,
  title={The KidsRoom: A perceptually-based interactive and immersive story environment},
  author={Bobick, Aaron F and Intille, Stephen S and Davis, James W and Baird, Freedom and Pinhanez, Claudio S and Campbell, Lee W and Ivanov, Yuri A and Sch{\"u}tte, Arjan and Wilson, Andrew},
  journal={Presence: Teleoperators and Virtual Environments},
  volume={8},
  number={4},
  pages={369--393},
  year={1999},
  publisher={MIT Press}
}

@inproceedings{lui2011cross,
  title={Cross-domain feature selection for language identification},
  author={Lui, Marco and Baldwin, Timothy},
  booktitle={Proc. IJCNLP},
  year={2011},
  organization={ACL}
}

@inproceedings{lamere2003design,
  title={{Design of the CMU Sphinx-4 decoder}},
  author={Lamere, Paul and Kwok, Philip and Walker, William and Gouv{\^e}a, Evandro B and Singh, Rita and Raj, Bhiksha and Wolf, Peter},
  booktitle={Proc. INTERSPEECH},
  year={2003}
}

@article{mikolov2013efficient,
  title={Efficient estimation of word representations in vector space},
  author={Mikolov, Tomas and Chen, Kai and Corrado, Greg and Dean, Jeffrey},
  journal={arXiv preprint arXiv:1301.3781},
  year={2013}
}